<?xml version="1.0" encoding="utf-8"?>
<record xmlns="http://www.loc.gov/MARC21/slim" xmlns:xsi="http://www.w3.org/2001/XMLSchema-instance" xsi:schemaLocation="http://www.loc.gov/MARC21/slim http://www.loc.gov/standards/marcxml/schema/MARC21slim.xsd">
	<leader>     nam a22        4500</leader>
	<controlfield tag="001">677100</controlfield>
	<controlfield tag="003">NNC</controlfield>
	<controlfield tag="006">m        d        </controlfield>
	<controlfield tag="007">cr cn |||m|||a</controlfield>
	<controlfield tag="008">160426s1974    ir h    ob    001 0dara d</controlfield>
	<datafield ind1=" " ind2=" " tag="040">
		<subfield code="a">NNU</subfield>
		<subfield code="b">eng</subfield>
		<subfield code="e">rda</subfield>
		<subfield code="c">NNU</subfield>
	</datafield>
	<datafield ind1=" " ind2="4" tag="050">
		<subfield code="a">B753.K38</subfield>
		<subfield code="b">H5 1974</subfield>
	</datafield>
	<datafield ind1="1" ind2=" " tag="100">
		<subfield code="6">880-01</subfield>
		<subfield code="a">Bukhārī, Muḥammad ʻAlī ibn Mubārakshāh,</subfield>
		<subfield code="d">-approximately 1340.</subfield>
	</datafield>
	<datafield ind1="1" ind2="0" tag="245">
		<subfield code="6">880-02</subfield>
		<subfield code="a">Ḥikmat al-ʻayn li-Najm al-Dīn ʻAlī ibn ʻUmar al-Kātibī al-Qazwīnī :</subfield>
		<subfield code="b">al-Sharḥ /</subfield>
		<subfield code="c">li-Shams al-Dīn Muḥammad ibn Mubārakshāh al-Bukhārī ; bā muqaddamah va taṣḥīḥ-i Jaʻfar Zāhidī.</subfield>
	</datafield>
	<datafield ind1="3" ind2=" " tag="246">
		<subfield code="a">Ḥikmat al-ʻayn by Najm al-Dīn ʻAlī b. ʻOmar al-Kātibī al-Qazvīnī</subfield>
	</datafield>
	<datafield ind1=" " ind2=" " tag="260">
		<subfield code="6">880-03</subfield>
		<subfield code="a">Mashhad :</subfield>
		<subfield code="b">Chāp va Intishārāt-i Dānishgāh-i Firdawsī ,</subfield>
		<subfield code="c">1974.</subfield>
	</datafield>
	<datafield ind1=" " ind2=" " tag="300">
		<subfield code="a">online resource (720 pages) :</subfield>
		<subfield code="b">facs.</subfield>
	</datafield>
	<datafield ind1=" " ind2=" " tag="336">
		<subfield code="a">text</subfield>
		<subfield code="2">rdacontent</subfield>
	</datafield>
	<datafield ind1=" " ind2=" " tag="337">
		<subfield code="a">computer</subfield>
		<subfield code="2">rdamedia</subfield>
	</datafield>
	<datafield ind1=" " ind2=" " tag="338">
		<subfield code="a">online resource</subfield>
		<subfield code="2">rdacarrier</subfield>
	</datafield>
	<datafield ind1="1" ind2=" " tag="490">
		<subfield code="6">880-04</subfield>
		<subfield code="a">Intishārāt-i Dānishgāh-i Firdawsī ;</subfield>
		<subfield code="v">shumārah-ʼi 47</subfield>
	</datafield>
	<datafield ind1=" " ind2=" " tag="500">
		<subfield code="a">Title on added t.p.: Ḥikmat al-ʻayn by Najm al-Dīn ʻAlī b. ʻOmar al-Kātibī al-Qazvīnī.</subfield>
	</datafield>
	<datafield ind1=" " ind2=" " tag="500">
		<subfield code="a">Part of the Arabic Collections Online (ACO) project, contributed by Columbia University Libraries.</subfield>
	</datafield>
	<datafield ind1=" " ind2=" " tag="504">
		<subfield code="a">Includes bibliographical references and index.</subfield>
	</datafield>
	<datafield ind1=" " ind2=" " tag="533">
		<subfield code="a">Electronic reproduction.</subfield>
		<subfield code="b">New York, N.Y. :</subfield>
		<subfield code="c">New York University,</subfield>
		<subfield code="d">2016.</subfield>
		<subfield code="5">NNU</subfield>
	</datafield>
	<datafield ind1="1" ind2="0" tag="600">
		<subfield code="6">880-05</subfield>
		<subfield code="a">Kātibī, Najm al-Dīn ʻAlī ibn ʻUmar,</subfield>
		<subfield code="d">-1276.</subfield>
		<subfield code="t">Ḥikmat al-ʻayn.</subfield>
	</datafield>
	<datafield ind1=" " ind2="0" tag="650">
		<subfield code="a">Islamic philosophy</subfield>
		<subfield code="v">Early works to 1800.</subfield>
	</datafield>
	<datafield ind1="1" ind2=" " tag="700">
		<subfield code="6">880-06</subfield>
		<subfield code="a">Zāhidī, Jaʻfar.</subfield>
	</datafield>
	<datafield ind1="2" ind2=" " tag="710">
		<subfield code="a">Columbia University.</subfield>
		<subfield code="b">Libraries.</subfield>
	</datafield>
	<datafield ind1="0" ind2=" " tag="730">
		<subfield code="a">Arabic Collections Online.</subfield>
	</datafield>
	<datafield ind1="0" ind2="8" tag="776">
		<subfield code="i">Online version:</subfield>
		<subfield code="a">Bukhārī, Muḥammad ʻAlī ibn Mubārakshāh, -approximately 1340.</subfield>
		<subfield code="t">Ḥikmat al-ʻayn li-Najm al-Dīn ʻAlī ibn ʻUmar al-Kātibī al-Qazwīnī.</subfield>
		<subfield code="d">Mashhad : Ferdowsi University Press, 1974</subfield>
		<subfield code="w">(OCoLC)609916374</subfield>
	</datafield>
	<datafield ind1="0" ind2="8" tag="776">
		<subfield code="i">Print version:</subfield>
		<subfield code="a">Bukhārī, Muḥammad ʻAlī ibn Mubārakshāh, -approximately 1340.</subfield>
		<subfield code="t">Ḥikmat al-ʻayn li-Najm al-Dīn ʻAlī ibn ʻUmar al-Kātibī al-Qazwīnī</subfield>
		<subfield code="w">(NNC)677100</subfield>
		<subfield code="w">(OCoLC)22326022</subfield>
	</datafield>
	<datafield ind1=" " ind2="0" tag="830">
		<subfield code="6">880-07</subfield>
		<subfield code="a">Intishārāt-i Dānishgāh-i Firdawsī ;</subfield>
		<subfield code="v">shumārah-ʼi 47.</subfield>
	</datafield>
	<datafield ind1="4" ind2="0" tag="856">
		<subfield code="u">http://hdl.handle.net/2333.1/7h44j4jp</subfield>
	</datafield>
	<datafield ind1="1" ind2=" " tag="880">
		<subfield code="6">100-01/r</subfield>
		<subfield code="a">بخاري، محمد علي بن مباركشاه،</subfield>
		<subfield code="d">-approximately 1340.</subfield>
	</datafield>
	<datafield ind1="1" ind2="0" tag="880">
		<subfield code="6">245-02/r</subfield>
		<subfield code="a">حكمة العين لنجم الدين علي بن عمر الكاتبي القزويني :</subfield>
		<subfield code="b">الشرح /</subfield>
		<subfield code="c">لشمس الدين محمد بن مباركشاه البخاري ؛ با مقدمة و تصحيح جعفر زاهدي.</subfield>
	</datafield>
	<datafield ind1=" " ind2=" " tag="880">
		<subfield code="6">260-03/r</subfield>
		<subfield code="a">مشهد :</subfield>
		<subfield code="b">چاپ و انتشارات دانشگاه فردوسى ،</subfield>
		<subfield code="c">1974.</subfield>
	</datafield>
	<datafield ind1="1" ind2=" " tag="880">
		<subfield code="6">490-04/r</subfield>
		<subfield code="a">انتشارات دانشگاه فردوسى ؛</subfield>
		<subfield code="v">شمارۀ 47</subfield>
	</datafield>
	<datafield ind1="1" ind2="4" tag="880">
		<subfield code="6">600-05/r</subfield>
		<subfield code="a">كاتبي، نجم الدين علي بن عمر،</subfield>
		<subfield code="d">-1276.</subfield>
		<subfield code="t">حكمة العين.</subfield>
	</datafield>
	<datafield ind1="1" ind2=" " tag="880">
		<subfield code="6">700-06/r</subfield>
		<subfield code="a">زاهدي، جعفر.</subfield>
	</datafield>
	<datafield ind1=" " ind2="0" tag="880">
		<subfield code="6">830-07/r</subfield>
		<subfield code="a">انتشارات دانشگاه فردوسى ؛</subfield>
		<subfield code="v">شمارۀ 47.</subfield>
	</datafield>
	<datafield ind1=" " ind2=" " tag="959">
		<subfield code="a">NNU</subfield>
		<subfield code="b">WEB</subfield>
		<subfield code="c">GENI</subfield>
		<subfield code="t">0</subfield>
		<subfield code="m">Electronic access</subfield>
		<subfield code="s">01</subfield>
	</datafield>
	<datafield ind1=" " ind2=" " tag="999">
		<subfield code="i">NNC_677100</subfield>
		<subfield code="o">(OCoLC)ocm22326022</subfield>
		<subfield code="s">columbia_aco001878</subfield>
		<subfield code="e">(ERROR-880)</subfield>
		<subfield code="s">columbia_aco001878</subfield>
	</datafield>
</record>
